% Encoding: UTF-8
@article{shen2020second,
  title={Second-order Neural Network Training Using Complex-step Directional Derivative},
  author={Shen, Siyuan and Shao, Tianjia and Zhou, Kun and Jiang, Chenfanfu and Luo, Feng and Yang, Yin},
  journal={arXiv e-prints},
  pages={arXiv--2009},
  year={2020}
}

@inproceedings{tan2019review,
  title={Review of second-order optimization techniques in artificial neural networks backpropagation},
  author={Tan, Hong Hui and Lim, King Hann},
  booktitle={IOP Conference Series: Materials Science and Engineering},
  volume={495},
  number={1},
  pages={012003},
  year={2019},
  organization={IOP Publishing}
}

@book{martens2016second,
  title={Second-order optimization for neural networks},
  author={Martens, James},
  year={2016},
  publisher={University of Toronto (Canada)}
}

@article{ampazis2002two,
  title={Two highly efficient second-order algorithms for training feedforward networks},
  author={Ampazis, Nikolaos and Perantonis, Stavros J},
  journal={IEEE Transactions on Neural Networks},
  volume={13},
  number={5},
  pages={1064--1074},
  year={2002},
  publisher={IEEE}
}

@article{gavin2019levenberg,
  title={The Levenberg-Marquardt algorithm for nonlinear least squares curve-fitting problems},
  author={Gavin, Henri P},
  journal={Department of Civil and Environmental Engineering, Duke University http://people. duke. edu/\~{} hpgavin/ce281/lm. pdf},
  pages={1--19},
  year={2019}
}
@article{goh2011approximate,
  title={Approximate greatest descent methods for optimization with equality constraints},
  author={Goh, BS},
  journal={Journal of Optimization Theory and Applications},
  volume={148},
  number={3},
  pages={505--527},
  year={2011},
  publisher={Springer}
}
@inproceedings{martens2010deep,
  title={Deep learning via hessian-free optimization.},
  author={Martens, James},
  booktitle={ICML},
  volume={27},
  pages={735--742},
  year={2010}
}
@incollection{lecun2012efficient,
  title={Efficient backprop},
  author={LeCun, Yann A and Bottou, L{\'e}on and Orr, Genevieve B and M{\"u}ller, Klaus-Robert},
  booktitle={Neural networks: Tricks of the trade},
  pages={9--48},
  year={2012},
  publisher={Springer}
}

@article{loke1996rapid,
  title={Rapid least-squares inversion of apparent resistivity pseudosections by a quasi-Newton method 1},
  author={Loke, Meng Heng and Barker, Ron D},
  journal={Geophysical prospecting},
  volume={44},
  number={1},
  pages={131--152},
  year={1996},
  publisher={Wiley Online Library}
}
@article{battiti1992first,
  title={First-and second-order methods for learning: between steepest descent and Newton's method},
  author={Battiti, Roberto},
  journal={Neural computation},
  volume={4},
  number={2},
  pages={141--166},
  year={1992},
  publisher={MIT Press}
}
@inproceedings{martens2010deep,
  title={Deep learning via hessian-free optimization.},
  author={Martens, James},
  booktitle={ICML},
  volume={27},
  pages={735--742},
  year={2010}
}
@article{ampazis2002two,
  title={Two highly efficient second-order algorithms for training feedforward networks},
  author={Ampazis, Nikolaos and Perantonis, Stavros J},
  journal={IEEE Transactions on Neural Networks},
  volume={13},
  number={5},
  pages={1064--1074},
  year={2002},
  publisher={IEEE}
}
@inproceedings{martens2011learning,
  title={Learning recurrent neural networks with hessian-free optimization},
  author={Martens, James and Sutskever, Ilya},
  booktitle={ICML},
  year={2011}
}
@article{wang2015confidence,
  title={Confidence analysis of standard deviational ellipse and its extension into higher dimensional Euclidean space},
  author={Wang, Bin and Shi, Wenzhong and Miao, Zelang},
  journal={PloS one},
  volume={10},
  number={3},
  pages={e0118537},
  year={2015},
  publisher={Public Library of Science}
}

@article{wang2017review,
  title={Review of multi-scale and multi-physical simulation technologies for shale and tight gas reservoirs},
  author={Wang, Lei and Wang, Shihao and Zhang, Ronglei and Wang, Cong and Xiong, Yi and Zheng, Xishen and Li, Shangru and Jin, Kai and Rui, Zhenhua},
  journal={Journal of Natural Gas Science and Engineering},
  volume={37},
  pages={560--578},
  year={2017},
  publisher={Elsevier}
}

@article{curtis2017bfgs,
  title={A BFGS-SQP method for nonsmooth, nonconvex, constrained optimization and its evaluation using relative minimization profiles},
  author={Curtis, Frank E and Mitchell, Tim and Overton, Michael L},
  journal={Optimization Methods and Software},
  volume={32},
  number={1},
  pages={148--181},
  year={2017},
  publisher={Taylor \& Francis}
}
@inproceedings{gower2016stochastic,
  title={Stochastic block BFGS: Squeezing more curvature out of data},
  author={Gower, Robert and Goldfarb, Donald and Richt{\'a}rik, Peter},
  booktitle={International Conference on Machine Learning},
  pages={1869--1878},
  year={2016},
  organization={PMLR}
}
@inproceedings{keskar2016adaqn,
  title={adaqn: An adaptive quasi-newton algorithm for training rnns},
  author={Keskar, Nitish Shirish and Berahas, Albert S},
  booktitle={Joint European Conference on Machine Learning and Knowledge Discovery in Databases},
  pages={1--16},
  year={2016},
  organization={Springer}
}
@article{ramamurthy2016sr1,
  title={L-SR1: A Second Order Optimization Method for Deep Learning},
  author={Ramamurthy, Vivek and Duffy, Nigel},
  year={2016}
}
@inproceedings{botev2017practical,
  title={Practical gauss-newton optimisation for deep learning},
  author={Botev, Aleksandar and Ritter, Hippolyt and Barber, David},
  booktitle={International Conference on Machine Learning},
  pages={557--565},
  year={2017},
  organization={PMLR}
}
@inproceedings{martens2015optimizing,
  title={Optimizing neural networks with kronecker-factored approximate curvature},
  author={Martens, James and Grosse, Roger},
  booktitle={International conference on machine learning},
  pages={2408--2417},
  year={2015},
  organization={PMLR}
}
@article{nesterov2006cubic,
  title={Cubic regularization of Newton method and its global performance},
  author={Nesterov, Yurii and Polyak, Boris T},
  journal={Mathematical Programming},
  volume={108},
  number={1},
  pages={177--205},
  year={2006},
  publisher={Springer}
}
@article{gavin2019levenberg,
  title={The Levenberg-Marquardt algorithm for nonlinear least squares curve-fitting problems},
  author={Gavin, Henri P},
  journal={Department of Civil and Environmental Engineering, Duke University http://people. duke. edu/\~{} hpgavin/ce281/lm. pdf},
  pages={1--19},
  year={2019}
}